<record><leader>00000cas a22000007a 4500</leader><controlfield tag="001">14763099</controlfield><controlfield tag="008">861118d19151915paudn ne      0    0eng d</controlfield><datafield ind1=" " ind2=" " tag="010"><subfield code="a">sn 86082000 </subfield></datafield><datafield ind1=" " ind2=" " tag="040"><subfield code="a">NPH</subfield><subfield code="b">eng</subfield><subfield code="c">NPH</subfield><subfield code="d">OCLCQ</subfield></datafield><datafield ind1=" " ind2=" " tag="042"><subfield code="a">msc</subfield></datafield><datafield ind1="0" ind2="4" tag="245"><subfield code="a">The Scranton republican and tribune.</subfield></datafield><datafield ind1="1" ind2="3" tag="246"><subfield code="a">Scranton republican</subfield></datafield><datafield ind1=" " ind2=" " tag="260"><subfield code="a">Scranton, Pa. :</subfield><subfield code="b">Lackawanna Pub. Co.,</subfield><subfield code="c">1915.</subfield></datafield><datafield ind1=" " ind2=" " tag="300"><subfield code="a">1 v. :</subfield><subfield code="b">ill.</subfield></datafield><datafield ind1=" " ind2=" " tag="310"><subfield code="a">Daily (except Sunday)</subfield></datafield><datafield ind1="0" ind2=" " tag="362"><subfield code="a">Vol. 89, no. 59 (Mar. 11, 1915)-v. 89, no. 61 (Mar. 13, 1915).</subfield></datafield><datafield ind1=" " ind2=" " tag="530"><subfield code="a">Available on microfilm.</subfield></datafield><datafield ind1=" " ind2=" " tag="752"><subfield code="a">United States</subfield><subfield code="b">Pennsylvania</subfield><subfield code="c">Lackawanna</subfield><subfield code="d">Scranton.</subfield></datafield><datafield ind1="0" ind2="0" tag="780"><subfield code="t">Tribune-republican (Scranton, Pa.)</subfield><subfield code="w">(DLC)sn 86082002</subfield></datafield><datafield ind1="0" ind2="7" tag="785"><subfield code="t">Scranton truth</subfield><subfield code="w">(DLC)sn 84026356</subfield></datafield><datafield ind1="0" ind2="7" tag="785"><subfield code="t">Scranton republican tribune and truth</subfield><subfield code="w">(DLC)sn 86081999</subfield></datafield></record>